@IEEEtranBSTCTL{bstctl:etal,
  CTLuse_forced_etal = {yes},
  CTLmax_names_forced_etal = {3},
}

@IEEEtranBSTCTL{bstctl:nodash,
  CTLdash_repeated_names = {no},
}

@IEEEtranBSTCTL{bstctl:simpurl,
  CTLname_url_prefix = {Available: },
}

@inproceedings{fuzzy,
 author = {Flores, Huber and Srirama, Satish},
 title = {Adaptive Code Offloading for Mobile Cloud Applications: Exploiting Fuzzy Sets and Evidence-based Learning},
 booktitle = {Proceeding of the Fourth ACM Workshop on Mobile Cloud Computing and Services},
 series = {MCS '13},
 year = {2013},
 isbn = {978-1-4503-2072-6},
 location = {Taipei, Taiwan},
 pages = {9--16},
 numpages = {8},
 url = {http://doi.acm.org.proxy.lib.umich.edu/10.1145/2482981.2482984},
 doi = {10.1145/2482981.2482984},
 acmid = {2482984},
 publisher = {ACM},
 address = {New York, NY, USA},
 keywords = {code offloading, fuzzy logic, machine learning, mobile cloud computing},
}

@inproceedings{comet,
 author = {Gordon, Mark S. and Jamshidi, D. Anoushe and Mahlke, Scott and Mao, Z. Morley and Chen, Xu},
 title = {COMET: Code Offload by Migrating Execution Transparently},
 booktitle = {Proceedings of the 10th USENIX Conference on Operating Systems Design and Implementation},
 series = {OSDI'12},
 year = {2012},
 isbn = {978-1-931971-96-6},
 location = {Hollywood, CA, USA},
 pages = {93--106},
 numpages = {14},
 url = {http://dl.acm.org/citation.cfm?id=2387880.2387890},
 acmid = {2387890},
 publisher = {USENIX Association},
 address = {Berkeley, CA, USA},
}


@inproceedings{maui,
 author = {Cuervo, Eduardo and Balasubramanian, Aruna and Cho, Dae-ki and Wolman, Alec and Saroiu, Stefan and Chandra, Ranveer and Bahl, Paramvir},
 title = {MAUI: Making Smartphones Last Longer with Code Offload},
 booktitle = {Proceedings of the 8th International Conference on Mobile Systems, Applications, and Services},
 series = {MobiSys '10},
 year = {2010},
 isbn = {978-1-60558-985-5},
 location = {San Francisco, California, USA},
 pages = {49--62},
 numpages = {14},
 url = {http://doi.acm.org/10.1145/1814433.1814441},
 doi = {10.1145/1814433.1814441},
 acmid = {1814441},
 publisher = {ACM},
 address = {New York, NY, USA},
 keywords = {code offload, energy management, partitioning, smartphones},
}

@inproceedings{ccloud,
 author = {Chun, Byung-Gon and Ihm, Sunghwan and Maniatis, Petros and Naik, Mayur and Patti, Ashwin},
 title = {CloneCloud: Elastic Execution Between Mobile Device and Cloud},
 booktitle = {Proceedings of the Sixth Conference on Computer Systems},
 series = {EuroSys '11},
 year = {2011},
 isbn = {978-1-4503-0634-8},
 location = {Salzburg, Austria},
 pages = {301--314},
 numpages = {14},
 url = {http://doi.acm.org/10.1145/1966445.1966473},
 doi = {10.1145/1966445.1966473},
 acmid = {1966473},
 publisher = {ACM},
 address = {New York, NY, USA},
 keywords = {migration, mobile cloud computing, offloading, partitioning, smartphones},
}

@inproceedings{jessica,
 author = {Zhu, Wenzhang and Wang, Cho-Li and Lau, Francis C.  M.},
 title = {JESSICA2: A Distributed Java Virtual Machine with Transparent Thread Migration Support},
 booktitle = {Proceedings of the IEEE International Conference on Cluster Computing},
 series = {CLUSTER '02},
 year = {2002},
 isbn = {0-7695-1745-5},
 pages = {381--},
 url = {http://dl.acm.org/citation.cfm?id=792762.793331},
 acmid = {793331},
 publisher = {IEEE Computer Society},
 address = {Washington, DC, USA},
}

@inproceedings{cgbuild,
 author = {Tip, Frank and Palsberg, Jens},
 title = {Scalable Propagation-based Call Graph Construction Algorithms},
 booktitle = {Proceedings of the 15th ACM SIGPLAN Conference on Object-oriented Programming, Systems, Languages, and Applications},
 series = {OOPSLA '00},
 year = {2000},
 isbn = {1-58113-200-X},
 location = {Minneapolis, Minnesota, USA},
 pages = {281--293},
 numpages = {13},
 url = {http://doi.acm.org/10.1145/353171.353190},
 doi = {10.1145/353171.353190},
 acmid = {353190},
 publisher = {ACM},
 address = {New York, NY, USA},
}

@article{satya,
 author = {Satyanarayanan, Mahadev and Bahl, Paramvir and Caceres, Ram\'{o}n and Davies, Nigel},
 title = {The Case for VM-Based Cloudlets in Mobile Computing},
 journal = {IEEE Pervasive Computing},
 issue_date = {October 2009},
 volume = {8},
 number = {4},
 month = oct,
 year = {2009},
 issn = {1536-1268},
 pages = {14--23},
 numpages = {10},
 url = {http://dx.doi.org/10.1109/MPRV.2009.82},
 doi = {10.1109/MPRV.2009.82},
 acmid = {1638731},
 publisher = {IEEE Educational Activities Department},
 address = {Piscataway, NJ, USA},
 keywords = {augmented reality, cognitive augmentation, cyber foraging, dynamic VM synthesis, dynamic VM synthesis, cyber foraging, augmented reality, cognitive augmentation, virtual machines, resource constraints, resource constraints, virtual machines},
}

@inproceedings{netobj,
 author = {Birrell, Andrew and Nelson, Greg and Owicki, Susan and Wobber, Edward},
 title = {Network Objects},
 booktitle = {Proceedings of the Fourteenth ACM Symposium on Operating Systems Principles},
 series = {SOSP '93},
 year = {1993},
 isbn = {0-89791-632-8},
 location = {Asheville, North Carolina, USA},
 pages = {217--230},
 numpages = {14},
 url = {http://doi.acm.org/10.1145/168619.168637},
 doi = {10.1145/168619.168637},
 acmid = {168637},
 publisher = {ACM},
 address = {New York, NY, USA},
}

@article{emerald,
 author = {Jul, Eric and Levy, Henry and Hutchinson, Norman and Black, Andrew},
 title = {Fine-grained Mobility in the Emerald System},
 journal = {ACM Trans. Comput. Syst.},
 issue_date = {Feb. 1988},
 volume = {6},
 number = {1},
 month = feb,
 year = {1988},
 issn = {0734-2071},
 pages = {109--133},
 numpages = {25},
 url = {http://doi.acm.org/10.1145/35037.42182},
 doi = {10.1145/35037.42182},
 acmid = {42182},
 publisher = {ACM},
 address = {New York, NY, USA},
}

@inproceedings{tcl,
 author = {Gray, Robert S.},
 title = {Agent Tcl: A Flexible and Secure Mobile-agent System},
 booktitle = {Proceedings of the 4th Conference on USENIX Tcl/Tk Workshop, 1996 - Volume 4},
 series = {TCLTK'96},
 year = {1996},
 location = {Monterey, California},
 pages = {2--2},
 numpages = {1},
 url = {http://dl.acm.org/citation.cfm?id=1267498.1267500},
 acmid = {1267500},
 publisher = {USENIX Association},
 address = {Berkeley, CA, USA},
}

@MISC{wala,
   url= {http://wala.sourceforge.net/wiki/index.php/Main Page},
}
