@IEEEtranBSTCTL{bstctl:etal,
  CTLuse_forced_etal = {yes},
  CTLmax_names_forced_etal = {3},
}

@IEEEtranBSTCTL{bstctl:nodash,
  CTLdash_repeated_names = {no},
}

@IEEEtranBSTCTL{bstctl:simpurl,
  CTLname_url_prefix = {Available: },
}

@book{lamport94,
    author    = "Leslie Lamport",
    title     = "{\LaTeX: A Document Preparation System}",
    year      = "1994",
    publisher = "Addison-Wesley",
    edition = "2nd",
    address   = "Reading, Massachusetts"
}

@book{goossens93,
    author    = "Michel Goossens and Frank Mittelbach and Alexander Samarin",
    title     = "The LaTeX Companion",
    year      = "1993",
    publisher = "Addison-Wesley",
    address   = "Reading, Massachusetts"
}

@misc{micro45,
    author = "Chris Fallin and Justin Meza and Vivek Seshadri and Onur Mutlu",
    title = "{MICRO} 2012 Conference Site",
    year = "2012",
    url = "http://www.microsymposia.org/micro45",
}
